@article{quasar,
    author  = "M. Kornmesser",
    title   = "eso1122a",
    year    = "2011"
}
@article{star,
    author  = "NASA/SDO",
    title   = "The Sun by the Atmospheric Imaging Assembly of NASA's Solar Dynamics Observatory",
    year    = "2011"
}
@article{galaxy,
    author  = "{The Hubble Heritage Team"}",
    title   = "NGC 4414",
    year    = "1999"
}
@article{bcur,
    author  = "shanghairanking.com/rankings/bcur/202311",
    title   = "",
    year    = ""
}

